<?xml version="1.0" encoding="UTF-8"?><collection xmlns="http://www.loc.gov/MARC21/slim"><record><leader>00498nam--2200169-u-4500</leader><controlfield tag="001">000051425</controlfield><controlfield tag="002">20161230</controlfield><controlfield tag="005">20170211154729</controlfield><controlfield tag="008">080715s1000------------r-----000-0-eng-d</controlfield><datafield ind1=" " ind2=" " tag="040"><subfield code="a">IFIN-HH</subfield></datafield><datafield ind1="1" ind2="0" tag="110"><subfield code="a">Cnrs</subfield></datafield><datafield ind1="1" ind2=" " tag="245"><subfield code="a">Les Methodes formelles en axiomatique</subfield></datafield><datafield ind1=" " ind2=" " tag="260"><subfield code="a">Paris</subfield><subfield code="b">Centre National de la Recheche Scientifique</subfield><subfield code="c">1953</subfield></datafield><datafield ind1=" " ind2=" " tag="300"><subfield code="a">78 p</subfield></datafield><datafield ind1=" " ind2=" " tag="490"><subfield code="a">Colloques Internationaux du Centre National de la Recheche Scientifique</subfield></datafield><datafield ind1=" " ind2=" " tag="852"><subfield code="a">15144</subfield><subfield code="c">517.11</subfield></datafield><datafield ind1=" " ind2=" " tag="CAT"><subfield code="a">SYS</subfield><subfield code="c">20170211</subfield><subfield code="h">154729</subfield></datafield></record></collection>